<record><leader>00000cas a2200000 a 4500</leader><controlfield tag="001">22897890</controlfield><controlfield tag="008">901226d188u188uiluwr ne      0   a0eng c</controlfield><datafield ind1=" " ind2=" " tag="010"><subfield code="a">sn 90054866 </subfield></datafield><datafield ind1=" " ind2=" " tag="040"><subfield code="a">NVF</subfield><subfield code="b">eng</subfield><subfield code="c">NVF</subfield><subfield code="d">OCLCQ</subfield><subfield code="d">NVF</subfield><subfield code="d">OCLCQ</subfield><subfield code="d">OCLCF</subfield><subfield code="d">OCLCO</subfield><subfield code="d">NVF</subfield></datafield><datafield ind1=" " ind2=" " tag="042"><subfield code="a">pcc</subfield></datafield><datafield ind1=" " ind2=" " tag="043"><subfield code="a">n-us-il</subfield></datafield><datafield ind1="0" ind2="0" tag="245"><subfield code="a">Newton times-mentor.</subfield></datafield><datafield ind1="3" ind2=" " tag="246"><subfield code="a">Newton times mentor</subfield></datafield><datafield ind1=" " ind2=" " tag="260"><subfield code="a">Newton, Jasper County, Ill. :</subfield><subfield code="b">C.M. Davis</subfield></datafield><datafield ind1=" " ind2=" " tag="300"><subfield code="a">v.</subfield></datafield><datafield ind1=" " ind2=" " tag="310"><subfield code="a">Weekly</subfield></datafield><datafield ind1=" " ind2=" " tag="580"><subfield code="a">Formed by the union of: Jasper County times and: Newton mentor.</subfield></datafield><datafield ind1=" " ind2=" " tag="588"><subfield code="a">Description based on: Vol. 10, no. 46 (Apr. 23, 1884) = v. 2, no. 27.</subfield></datafield><datafield ind1=" " ind2=" " tag="588"><subfield code="a">Latest issue consulted: May 21, 1884.</subfield></datafield><datafield ind1=" " ind2="0" tag="651"><subfield code="a">Newton (Ill.)</subfield><subfield code="v">Newspapers.</subfield></datafield><datafield ind1=" " ind2="7" tag="651"><subfield code="a">Illinois</subfield><subfield code="z">Newton.</subfield><subfield code="2">fast</subfield><subfield code="0">(OCoLC)fst01282450</subfield></datafield><datafield ind1=" " ind2="7" tag="655"><subfield code="a">Newspapers.</subfield><subfield code="2">fast</subfield><subfield code="0">(OCoLC)fst01423814</subfield></datafield><datafield ind1=" " ind2=" " tag="752"><subfield code="a">United States</subfield><subfield code="b">Illinois</subfield><subfield code="c">Jasper</subfield><subfield code="d">Newton.</subfield></datafield><datafield ind1="1" ind2="4" tag="780"><subfield code="t">Jasper County times</subfield><subfield code="w">(DLC)sn 90054865</subfield><subfield code="w">(OCoLC)22897873</subfield></datafield><datafield ind1="1" ind2="4" tag="780"><subfield code="t">Newton mentor</subfield></datafield><datafield ind1="0" ind2="0" tag="785"><subfield code="t">Newton mentor (Newton, Ill. : 1885)</subfield><subfield code="w">(DLC)sn 90054867</subfield><subfield code="w">(OCoLC)22901654</subfield></datafield><datafield ind1="1" ind2=" " tag="029"><subfield code="a">AU@</subfield><subfield code="b">000025477168</subfield></datafield></record>